<record xmlns="http://www.loc.gov/MARC21/slim" xmlns:xsi="http://www.w3.org/2001/XMLSchema-instance" xsi:schemaLocation="http://www.loc.gov/MARC21/slim http://www.loc.gov/standards/marcxml/schema/MARC21slim.xsd">

  <leader>00651nam a2200205Ia 4500</leader>
  <datafield tag="999" ind2=" " ind1=" ">
    <subfield code="c">537</subfield>
    <subfield code="d">537</subfield>
  </datafield>
  <controlfield tag="008">170202b2007    cr ||||| |||| 00| | spa d</controlfield>
  <datafield tag="020" ind2=" " ind1=" ">
    <subfield code="a">9789968251143</subfield>
  </datafield>
  <datafield ind2=" " ind1=" " tag="090">
    <subfield code="a">04.02.03 </subfield>
    <subfield code="b">1586</subfield>
  </datafield>
  <datafield ind1="2" ind2=" " tag="110">
    <subfield code="a">Instituto Nacional de las Mujeres</subfield>
    <subfield code="9">1766</subfield>
  </datafield>
  <datafield tag="245" ind1="1" ind2="0">
    <subfield code="a">Flo, la duendecilla valiente / </subfield>
    <subfield code="c">Instituto Nacional de las Mujeres</subfield>
  </datafield>
  <datafield ind1=" " ind2=" " tag="260">
    <subfield code="a">San José, Costa Rica : </subfield>
    <subfield code="b">INAMU, </subfield>
    <subfield code="c">2007</subfield>
  </datafield>
  <datafield tag="300" ind1=" " ind2=" ">
    <subfield code="a">28 páginas</subfield>
  </datafield>
  <datafield tag="490" ind1=" " ind2=" ">
    <subfield code="a">Colección Metodologías, Nº 26</subfield>
  </datafield>
  <datafield tag="650" ind1="1" ind2="4">
    <subfield code="a"> IGUALDAD DE OPORTUNIDADES</subfield>
    <subfield code="9">952</subfield>
  </datafield>
  <datafield tag="650" ind1="1" ind2="4">
    <subfield code="a">LITERATURA </subfield>
    <subfield code="9">655</subfield>
  </datafield>
  <datafield ind2="4" ind1="1" tag="650">
    <subfield code="9">956</subfield>
    <subfield code="a">IGUALDAD DE GÉNERO </subfield>
  </datafield>
  <datafield tag="650" ind1="1" ind2="4">
    <subfield code="a">MEDIOS DE ENSEÑANZA</subfield>
    <subfield code="9">29</subfield>
  </datafield>
  <datafield ind2="4" ind1="1" tag="650">
    <subfield code="a">NIÑOS</subfield>
    <subfield code="9">59</subfield>
  </datafield>
  <datafield tag="942" ind1=" " ind2=" ">
    <subfield code="2">z</subfield>
    <subfield code="c">01</subfield>
  </datafield>
</record>